<record><leader>00000cas a2200000 a 4500</leader><controlfield tag="001">275163299</controlfield><controlfield tag="008">081120d1914191uakudn ne      0    0eng  </controlfield><datafield ind1=" " ind2=" " tag="010"><subfield code="a">sn2008058232</subfield></datafield><datafield ind1=" " ind2=" " tag="040"><subfield code="a">DLC</subfield><subfield code="b">eng</subfield><subfield code="c">DLC</subfield><subfield code="d">DLC</subfield><subfield code="d">OCLCQ</subfield><subfield code="d">OCLCF</subfield><subfield code="d">DLC</subfield></datafield><datafield ind1=" " ind2=" " tag="042"><subfield code="a">pcc</subfield></datafield><datafield ind1=" " ind2=" " tag="043"><subfield code="a">n-us-ak</subfield></datafield><datafield ind1="0" ind2="0" tag="050"><subfield code="a">Newspaper</subfield></datafield><datafield ind1="0" ind2=" " tag="130"><subfield code="a">Seward gateway (Seward, Alaska : 1914)</subfield></datafield><datafield ind1="1" ind2="4" tag="245"><subfield code="a">The Seward gateway.</subfield></datafield><datafield ind1=" " ind2=" " tag="260"><subfield code="a">Seward [Alaska] :</subfield><subfield code="b">Seward Gateway Pub. Co.</subfield></datafield><datafield ind1=" " ind2=" " tag="300"><subfield code="a">v.</subfield></datafield><datafield ind1=" " ind2=" " tag="310"><subfield code="a">Daily (except Sunday)</subfield></datafield><datafield ind1="1" ind2=" " tag="362"><subfield code="a">Began in 1914; ceased with Jan. 31, 1917.</subfield></datafield><datafield ind1=" " ind2=" " tag="530"><subfield code="a">Also issued on microfilm from the Library of Congress, Photoduplication Service.</subfield></datafield><datafield ind1=" " ind2=" " tag="580"><subfield code="a">Merged with: Alaska evening post, to form: Seward gateway and the Alaska evening post.</subfield></datafield><datafield ind1=" " ind2=" " tag="588"><subfield code="a">Description based on: Vol. 8, no. 212 (July 22, 1914).</subfield></datafield><datafield ind1=" " ind2=" " tag="588"><subfield code="a">Latest issue consulted: Vol. 10, no. 338 (Jan. 31, 1917).</subfield></datafield><datafield ind1=" " ind2="0" tag="651"><subfield code="a">Seward (Alaska)</subfield><subfield code="v">Newspapers.</subfield></datafield><datafield ind1=" " ind2="7" tag="651"><subfield code="a">Alaska</subfield><subfield code="z">Seward.</subfield><subfield code="2">fast</subfield><subfield code="0">(OCoLC)fst01221903</subfield></datafield><datafield ind1=" " ind2="7" tag="655"><subfield code="a">Newspapers.</subfield><subfield code="2">fast</subfield><subfield code="0">(OCoLC)fst01423814</subfield></datafield><datafield ind1=" " ind2=" " tag="752"><subfield code="a">United States</subfield><subfield code="b">Alaska</subfield><subfield code="c">Seward</subfield><subfield code="d">Seward.</subfield></datafield><datafield ind1="0" ind2="0" tag="780"><subfield code="t">Seward daily gateway</subfield><subfield code="w">(DLC)  2017218598</subfield><subfield code="w">(OCoLC)986789018</subfield></datafield><datafield ind1="1" ind2="7" tag="785"><subfield code="t">Alaska evening post</subfield><subfield code="w">(DLC)sn 98059781</subfield><subfield code="w">(OCoLC)39734409</subfield></datafield><datafield ind1="1" ind2="7" tag="785"><subfield code="t">Seward gateway and the Alaska evening post</subfield><subfield code="w">(DLC)sn 87062015</subfield><subfield code="w">(OCoLC)15073528</subfield></datafield></record>